
<marc:record><marc:leader>01394nam a22003734a 4500</marc:leader>
<marc:controlfield tag="005">20171026195700.0</marc:controlfield>
<marc:controlfield tag="006">m     o  d        </marc:controlfield><marc:controlfield tag="007">cr unu||||||||</marc:controlfield><marc:controlfield tag="008">041217s2005    miu     ob    001 0deng  </marc:controlfield><marc:datafield tag="010" ind1=" " ind2=" "><marc:subfield code="z">2004065834</marc:subfield></marc:datafield><marc:datafield tag="020" ind1=" " ind2=" "><marc:subfield code="a">9780472026678</marc:subfield></marc:datafield><marc:datafield tag="020" ind1=" " ind2=" "><marc:subfield code="z">9780472030521</marc:subfield></marc:datafield><marc:datafield tag="020" ind1=" " ind2=" "><marc:subfield code="z">0472030523</marc:subfield></marc:datafield><marc:datafield tag="024" ind1="7" ind2=" "><marc:subfield code="a">10.3998/mpub.93113</marc:subfield></marc:datafield><marc:datafield tag="040" ind1=" " ind2=" "><marc:subfield code="a">MiU</marc:subfield><marc:subfield code="b">eng</marc:subfield><marc:subfield code="c">MiU</marc:subfield></marc:datafield><marc:datafield tag="041" ind1="1" ind2=" "><marc:subfield code="a">eng</marc:subfield><marc:subfield code="h">fre</marc:subfield></marc:datafield><marc:datafield tag="043" ind1=" " ind2=" "><marc:subfield code="a">e-ur---</marc:subfield></marc:datafield><marc:datafield tag="050" ind1=" " ind2="4"><marc:subfield code="a">DK266.5</marc:subfield><marc:subfield code="b">.L4513 2005</marc:subfield></marc:datafield><marc:datafield tag="082" ind1="0" ind2="4"><marc:subfield code="a">947.084/1/092</marc:subfield><marc:subfield code="2">22</marc:subfield></marc:datafield><marc:datafield tag="100" ind1="1" ind2=" "><marc:subfield code="a">Lewin, Moshe,</marc:subfield><marc:subfield code="d">1921-2010.</marc:subfield></marc:datafield><marc:datafield tag="240" ind1="1" ind2="0"><marc:subfield code="a">Dernier combat de Lénine.</marc:subfield><marc:subfield code="l">English</marc:subfield></marc:datafield><marc:datafield tag="245" ind1="1" ind2="0"><marc:subfield code="a">Lenin's last struggle /</marc:subfield><marc:subfield code="c">Moshé Lewin ; translated by A.M. Sheridan Smith, with a new introduction.</marc:subfield></marc:datafield><marc:datafield tag="264" ind1=" " ind2="1"><marc:subfield code="a">Ann Arbor :</marc:subfield><marc:subfield code="b">University of Michigan Press,</marc:subfield><marc:subfield code="c">2005.</marc:subfield></marc:datafield><marc:datafield tag="300" ind1=" " ind2=" "><marc:subfield code="a">1 online resource (xxix, 193 pages)</marc:subfield></marc:datafield><marc:datafield tag="336" ind1=" " ind2=" "><marc:subfield code="a">text</marc:subfield><marc:subfield code="b">txt</marc:subfield><marc:subfield code="2">rdacontent</marc:subfield></marc:datafield><marc:datafield tag="337" ind1=" " ind2=" "><marc:subfield code="a">computer</marc:subfield><marc:subfield code="b">c</marc:subfield><marc:subfield code="2">rdamedia</marc:subfield></marc:datafield><marc:datafield tag="338" ind1=" " ind2=" "><marc:subfield code="a">online resource</marc:subfield><marc:subfield code="b">cr</marc:subfield><marc:subfield code="2">rdacarrier</marc:subfield></marc:datafield><marc:datafield tag="504" ind1=" " ind2=" "><marc:subfield code="a">Includes bibliographical references (p. [177]-180) and index.</marc:subfield></marc:datafield><marc:datafield tag="588" ind1=" " ind2=" "><marc:subfield code="a">Description based on information from the publisher.</marc:subfield></marc:datafield><marc:datafield tag="600" ind1="1" ind2="0"><marc:subfield code="a">Lenin, Vladimir Ilʹich,</marc:subfield><marc:subfield code="d">1870-1924.</marc:subfield></marc:datafield><marc:datafield tag="651" ind1=" " ind2="0"><marc:subfield code="a">Soviet Union</marc:subfield><marc:subfield code="x">Politics and government</marc:subfield><marc:subfield code="y">1917-1936.</marc:subfield></marc:datafield><marc:datafield tag="655" ind1=" " ind2="4"><marc:subfield code="a">Electronic books.</marc:subfield></marc:datafield><marc:datafield tag="710" ind1="2" ind2=" "><marc:subfield code="a">Michigan Publishing (University of Michigan)</marc:subfield><marc:subfield code="e">publisher.</marc:subfield></marc:datafield><marc:datafield tag="856" ind1="4" ind2="0"><marc:subfield code="z">Access to the Michigan Publishing online version:</marc:subfield><marc:subfield code="u">https://doi.org/10.3998/mpub.93113</marc:subfield></marc:datafield></marc:record>