
<marc:record><marc:leader>04610nam a22003614a 4500</marc:leader>
<marc:controlfield tag="005">20171026195700.0</marc:controlfield>
<marc:controlfield tag="006">m     o  d        </marc:controlfield><marc:controlfield tag="007">cr unu||||||||</marc:controlfield><marc:controlfield tag="008">061229s2007    miua    ob    001 0deng  </marc:controlfield><marc:datafield tag="010" ind1=" " ind2=" "><marc:subfield code="z">2006103238</marc:subfield></marc:datafield><marc:datafield tag="020" ind1=" " ind2=" "><marc:subfield code="a">9780472115907 (cloth : alk. paper)</marc:subfield></marc:datafield><marc:datafield tag="020" ind1=" " ind2=" "><marc:subfield code="a">0472115901 (cloth : alk. paper)</marc:subfield></marc:datafield><marc:datafield tag="024" ind1="7" ind2=" "><marc:subfield code="a">10.3998/mpub.168531</marc:subfield></marc:datafield><marc:datafield tag="040" ind1=" " ind2=" "><marc:subfield code="a">MiU</marc:subfield><marc:subfield code="b">eng</marc:subfield><marc:subfield code="c">MiU</marc:subfield></marc:datafield><marc:datafield tag="043" ind1=" " ind2=" "><marc:subfield code="a">n-us---</marc:subfield></marc:datafield><marc:datafield tag="050" ind1=" " ind2="4"><marc:subfield code="a">LB2341</marc:subfield><marc:subfield code="b">.A357 2007</marc:subfield></marc:datafield><marc:datafield tag="100" ind1="1" ind2=" "><marc:subfield code="a">Duderstadt, James J.,</marc:subfield><marc:subfield code="d">1942-</marc:subfield></marc:datafield><marc:datafield tag="245" ind1="1" ind2="4"><marc:subfield code="a">The view from the helm :</marc:subfield><marc:subfield code="b">leading the American university during an era of change /</marc:subfield><marc:subfield code="c">James J. Duderstadt.</marc:subfield></marc:datafield><marc:datafield tag="264" ind1=" " ind2="1"><marc:subfield code="a">Ann Arbor :</marc:subfield><marc:subfield code="b">University of Michigan Press,</marc:subfield><marc:subfield code="c">2007.</marc:subfield></marc:datafield><marc:datafield tag="300" ind1=" " ind2=" "><marc:subfield code="a">1 online resource (xix, 400 pages) :</marc:subfield><marc:subfield code="b">illustrations</marc:subfield></marc:datafield><marc:datafield tag="336" ind1=" " ind2=" "><marc:subfield code="a">text</marc:subfield><marc:subfield code="b">txt</marc:subfield><marc:subfield code="2">rdacontent</marc:subfield></marc:datafield><marc:datafield tag="337" ind1=" " ind2=" "><marc:subfield code="a">computer</marc:subfield><marc:subfield code="b">c</marc:subfield><marc:subfield code="2">rdamedia</marc:subfield></marc:datafield><marc:datafield tag="338" ind1=" " ind2=" "><marc:subfield code="a">online resource</marc:subfield><marc:subfield code="b">cr</marc:subfield><marc:subfield code="2">rdacarrier</marc:subfield></marc:datafield><marc:datafield tag="504" ind1=" " ind2=" "><marc:subfield code="a">Includes bibliographical references and index.</marc:subfield></marc:datafield><marc:datafield tag="505" ind1="0" ind2=" "><marc:subfield code="a">The path to the presidency -- The leaders and best -- Institutional saga -- The Michigan saga -- A heritage of leadership -- Michigan's character as a trailblazer -- The role of institutional saga in presidential leadership -- The &quot;what,&quot; &quot;how,&quot; and &quot;who&quot; of the university presidency -- The path to the presidency -- Tinker, tailor, soldier, sailor; rich man, poor man, beggar man, thief . . . and university president -- The academic leadership ladder -- The path to the Michigan White House -- On to Michigan -- Trapped in the gravitational pull of academic administration -- On the brink -- The presidential search -- The search process -- The presidential search : a victim's perspective -- A postmortem -- Some advice for presidential search committees and university governing boards -- Some advice for candidates for university presidencies -- So what are we supposed to do now? -- Presidential leadership -- Presidential leadership -- The elements of presidential leadership -- Several unique aspects of university leadership -- The many styles and philosophies of presidential leadership -- Adapting leadership styles to the times and the institution -- A matter of personal style -- Movers and shakers, pushers and coasters: the impact of the presidency -- Leadership for a time of change -- Executive leadership -- The executive officer team -- Go downtown and get the money -- Bricks and mortar -- Crisis management -- The challenges of executive leadership -- Academic leadership -- The academic clockwork -- Academic leadership -- Faculty quality -- Selection and recruitment of academic leadership -- Tinkering with time bombs -- The challenges to academic leadership by the president -- Political leadership -- Growing up in a rough neighborhood -- Defending the university -- The loyal (and sometimes not so loyal) opposition -- The president and the governing board -- The broader political agenda of the university and the university presidency -- The hazards of political leadership -- Moral leadership -- The challenges to moral leadership -- Social diversity and academic excellence -- Student affairs -- Institutional integrity -- The bully pulpit -- Pastoral care -- Personal traits and traps -- Strategic leadership -- The approach -- The action plan -- Lessons learned and the growing concern -- Institutional transformation -- Experiments and ventures -- More lessons learned: the challenges of transformation -- The university president: an endangered species? -- Life as a university president -- The president's spouse -- The hired help -- A turn about the university calendar -- Lifestyles of the rich and famous -- On the road -- A matter of style -- Always some doubts -- Tilting with windmills -- Windmill no. 1: the privately supported public university -- Windmill no. 2: college sports -- Windmill no. 3: university governance -- The importance of fighting losing battles -- The endgame -- Survival instinct -- Putting it all on the line -- Wear and tear -- The two-minute warning -- Taking stock -- Fading away -- Years after a decade at the helm -- Whence and whither the university -- Some final thoughts on the university presidency -- Notes.</marc:subfield></marc:datafield><marc:datafield tag="588" ind1=" " ind2=" "><marc:subfield code="a">Description based on information from the publisher.</marc:subfield></marc:datafield><marc:datafield tag="600" ind1="1" ind2="0"><marc:subfield code="a">Duderstadt, James J.,</marc:subfield><marc:subfield code="d">1942-</marc:subfield></marc:datafield><marc:datafield tag="650" ind1=" " ind2="0"><marc:subfield code="a">Universities and colleges</marc:subfield><marc:subfield code="z">United States</marc:subfield><marc:subfield code="x">Administration.</marc:subfield></marc:datafield><marc:datafield tag="650" ind1=" " ind2="0"><marc:subfield code="a">College presidents</marc:subfield><marc:subfield code="z">United States.</marc:subfield></marc:datafield><marc:datafield tag="650" ind1=" " ind2="0"><marc:subfield code="a">Educational leadership</marc:subfield><marc:subfield code="z">United States.</marc:subfield></marc:datafield><marc:datafield tag="655" ind1=" " ind2="4"><marc:subfield code="a">Electronic books.</marc:subfield></marc:datafield><marc:datafield tag="710" ind1="2" ind2=" "><marc:subfield code="a">Michigan Publishing (University of Michigan)</marc:subfield><marc:subfield code="e">publisher.</marc:subfield></marc:datafield><marc:datafield tag="856" ind1="4" ind2="0"><marc:subfield code="z">Access to the Michigan Publishing online version:</marc:subfield><marc:subfield code="u">https://doi.org/10.3998/mpub.168531</marc:subfield></marc:datafield></marc:record>