
<marc:record><marc:leader>04895nam a22003613i 4500</marc:leader>
<marc:controlfield tag="005">20180314083500.0</marc:controlfield>
<marc:controlfield tag="006">m     o  d        </marc:controlfield><marc:controlfield tag="007">cr unu||||||||</marc:controlfield><marc:controlfield tag="008">180313s2010    xx      o     ||| 0 eng d</marc:controlfield><marc:datafield tag="020" ind1=" " ind2=" "><marc:subfield code="a">9780472026401</marc:subfield><marc:subfield code="q">(electronic bk.)</marc:subfield></marc:datafield><marc:datafield tag="020" ind1=" " ind2=" "><marc:subfield code="a">9780472034369</marc:subfield></marc:datafield><marc:datafield tag="024" ind1="7" ind2=" "><marc:subfield code="a">10.3998/mpub.2444757</marc:subfield></marc:datafield><marc:datafield tag="040" ind1=" " ind2=" "><marc:subfield code="a">MiU</marc:subfield><marc:subfield code="b">eng</marc:subfield><marc:subfield code="c">MiU</marc:subfield></marc:datafield><marc:datafield tag="082" ind1="0" ind2=" "><marc:subfield code="a">301</marc:subfield></marc:datafield><marc:datafield tag="100" ind1="1" ind2=" "><marc:subfield code="a">Bergmann, Luke.</marc:subfield></marc:datafield><marc:datafield tag="245" ind1="1" ind2="0"><marc:subfield code="a">Getting Ghost.</marc:subfield></marc:datafield><marc:datafield tag="264" ind1=" " ind2="1"><marc:subfield code="a">Ann Arbor :</marc:subfield><marc:subfield code="b">University of Michigan Press,</marc:subfield><marc:subfield code="c">2010.</marc:subfield></marc:datafield><marc:datafield tag="264" ind1=" " ind2="4"><marc:subfield code="c">©2010</marc:subfield></marc:datafield><marc:datafield tag="300" ind1=" " ind2=" "><marc:subfield code="a">1 online resource (332 pages)</marc:subfield></marc:datafield><marc:datafield tag="336" ind1=" " ind2=" "><marc:subfield code="a">text</marc:subfield><marc:subfield code="b">txt</marc:subfield><marc:subfield code="2">rdacontent</marc:subfield></marc:datafield><marc:datafield tag="337" ind1=" " ind2=" "><marc:subfield code="a">computer</marc:subfield><marc:subfield code="b">c</marc:subfield><marc:subfield code="2">rdamedia</marc:subfield></marc:datafield><marc:datafield tag="338" ind1=" " ind2=" "><marc:subfield code="a">online resource</marc:subfield><marc:subfield code="b">cr</marc:subfield><marc:subfield code="2">rdacarrier</marc:subfield></marc:datafield><marc:datafield tag="505" ind1="0" ind2=" "><marc:subfield code="a">&quot;Cover &quot; -- &quot;Contents&quot; -- &quot;Acknowledgments&quot; -- &quot;Dramatis Personae&quot; -- &quot;Chapter 1: Introduction&quot; -- &quot;Part I: Solen Streets and Promised Lands &quot; -- &quot;Chapter 2: Detroit Revisited, Revisionist History&quot; -- &quot;Chapter 3: Renewal, Relocation, and Riot&quot; -- &quot;Chapter 4: Called by a Holy Name&quot; -- &quot;Part II: Dreamhouse &quot; -- &quot;Chapter 5: Families and Fortunes, Spots and Homes&quot; -- &quot;Chapter 6: The Thickness of Blood&quot; -- &quot;Part III: Time Machinery &quot; -- &quot;Chapter 7: Playgrounds and Punishment&quot; -- &quot;Chapter 8: Across the Street&quot; -- &quot;Part IV: Owners, Occupants, and Outcasts &quot; -- &quot;Chapter 9: Neighborhood Watching&quot; -- &quot;Chapter 10: Of Hot Dogs and Heroin&quot; -- &quot;Chapter 11: Being Seen&quot; -- &quot;Notes&quot;.</marc:subfield></marc:datafield><marc:datafield tag="520" ind1=" " ind2=" "><marc:subfield code="a">&quot;[Bergmann] chronicles the drug trading, the risks and rewards, and the demarcations between the city and suburbs even as he witnessed suburbanites come into the city to buy drugs.&quot; ---Booklist &quot;Not just illustrative and emotive, this pummeling, immersive social text is grounded in street-level reportage and seeded with wisdom.&quot; ---Kirkus Reviews &quot;In prose that is equally eloquent and enlightening, Luke Bergmann brings to the surface the lives of two young men living in a place that is regarded by too many people as a forgotten city.&quot; --- Alford A. Young, Jr., Arthur F. Thurnau Professor and Associate Professor, Sociology and Afroamerican and African Studies, University of Michigan &quot;Luke Bergmann sometimes risks life and limb to bring us firsthand the lives of young people who mainstream media and academic research have ignored---except for the occasional crime story or impersonal policy brief. Getting Ghost is a journey worth taking . . . It sets a new standard for documentary reportage.&quot; --- Sudhir Venkatesh, author of Gang Leader for a Day and Off the Books &quot;Postapocalyptic&quot; Detroit---infamous for its abandoned buildings, empty lots, and blighted streets---may be the only American city to have earned such an epithet. As a teenager who frequently visited Detroit with his father, Luke Bergmann saw the devastation caused by the collapse of the automobile industry. Years later, he returned to the city as an anthropologist to study the incarceration of inner-city youth, and his research connected him with two teenaged drug dealers, Dude Freeman and Rodney Phelps. For nearly three years Bergmann lived on the city's West Side, hanging out with Dude and Rodney, driving around, hearing their stories and dreams, and witnessing the intricacies of Detroit's urban drug trade. Bergmann is soon more than an observer, as he intervenes with</marc:subfield></marc:datafield><marc:datafield tag="520" ind1="8" ind2=" "><marc:subfield code="a">Dude's probation officer when he misses a hearing and becomes Rodney's only contact when he flees the city to escape criminal charges. Through it all, he strives to understand their lives, their families, and the neighborhoods they call home. In an effort to break through the conventional wisdom about who sells drugs and why, Bergmann chronicles the unsettling alchemy of choice, force of habit, structural inequality, and political neglect that combine to restrict the horizons of too many young people in America's cities. As Rodney and Dude spin through the revolving door of juvenile detention, &quot;getting ghost&quot; becomes a rich metaphor---for leaving a scene; for quitting the trade; and, ultimately, for mortality. With stunning insight, courage, and even humor, Getting Ghost illuminates complex inner lives that are too often diminished by empty stereotypes as it reveals the common yearnings in all of our American dreams. Luke Bergmann is a research director at the Detroit Department of Health and Wellness Promotion and an adjunct faculty associate at the Institute for Social Research at the University of Michigan. Cover photo © Simon Wheatley, Magnum Photos.</marc:subfield></marc:datafield><marc:datafield tag="588" ind1=" " ind2=" "><marc:subfield code="a">Description based on information from the publisher.</marc:subfield></marc:datafield><marc:datafield tag="650" ind1=" " ind2="0"><marc:subfield code="a">Juvenile delinquents</marc:subfield><marc:subfield code="z">Michigan</marc:subfield><marc:subfield code="z">Detroit.</marc:subfield></marc:datafield><marc:datafield tag="650" ind1=" " ind2="0"><marc:subfield code="a">Drug dealers</marc:subfield><marc:subfield code="z">Michigan</marc:subfield><marc:subfield code="z">Detroit.</marc:subfield></marc:datafield><marc:datafield tag="650" ind1=" " ind2="0"><marc:subfield code="a">African American</marc:subfield><marc:subfield code="z">Michigan</marc:subfield><marc:subfield code="z">Detroit.</marc:subfield></marc:datafield><marc:datafield tag="651" ind1=" " ind2="0"><marc:subfield code="a">Detroit (Mich.)</marc:subfield><marc:subfield code="x">Race relations.</marc:subfield></marc:datafield><marc:datafield tag="655" ind1=" " ind2="4"><marc:subfield code="a">Electronic books.</marc:subfield></marc:datafield><marc:datafield tag="710" ind1="2" ind2=" "><marc:subfield code="a">Michigan Publishing (University of Michigan)</marc:subfield><marc:subfield code="e">publisher.</marc:subfield></marc:datafield><marc:datafield tag="856" ind1="4" ind2="0"><marc:subfield code="z">Access to the Michigan Publishing online version:</marc:subfield><marc:subfield code="u">https://doi.org/10.3998/mpub.2444757</marc:subfield></marc:datafield></marc:record>