
<marc:record><marc:leader>06105nam a2200397 a 4500</marc:leader>
<marc:controlfield tag="005">20171026195700.0</marc:controlfield>
<marc:controlfield tag="006">m     o  d        </marc:controlfield><marc:controlfield tag="007">cr unu||||||||</marc:controlfield><marc:controlfield tag="008">050623t20102006miua    ob    000 0 eng d</marc:controlfield><marc:datafield tag="010" ind1=" " ind2=" "><marc:subfield code="z">2005017905</marc:subfield></marc:datafield><marc:datafield tag="020" ind1=" " ind2=" "><marc:subfield code="a">9780472114931 (cloth : alk. paper)</marc:subfield></marc:datafield><marc:datafield tag="020" ind1=" " ind2=" "><marc:subfield code="a">047211493X (cloth : alk. paper)</marc:subfield></marc:datafield><marc:datafield tag="020" ind1=" " ind2=" "><marc:subfield code="a">9780472032709</marc:subfield></marc:datafield><marc:datafield tag="020" ind1=" " ind2=" "><marc:subfield code="a">0472032704 (pbk. : alk. paper)</marc:subfield></marc:datafield><marc:datafield tag="020" ind1=" " ind2=" "><marc:subfield code="a">9780472026722 (e-book)</marc:subfield></marc:datafield><marc:datafield tag="024" ind1="7" ind2=" "><marc:subfield code="a">10.3998/mpub.93171</marc:subfield></marc:datafield><marc:datafield tag="040" ind1=" " ind2=" "><marc:subfield code="a">MiU</marc:subfield><marc:subfield code="b">eng</marc:subfield><marc:subfield code="c">MiU</marc:subfield></marc:datafield><marc:datafield tag="050" ind1=" " ind2="4"><marc:subfield code="a">CD931</marc:subfield><marc:subfield code="b">.A685 2010</marc:subfield></marc:datafield><marc:datafield tag="082" ind1="0" ind2="4"><marc:subfield code="a">027</marc:subfield><marc:subfield code="2">22</marc:subfield></marc:datafield><marc:datafield tag="245" ind1="0" ind2="0"><marc:subfield code="a">Archives, documentation, and institutions of social memory :</marc:subfield><marc:subfield code="b">essays from the Sawyer Seminar /</marc:subfield><marc:subfield code="c">edited by Francis X. Blouin Jr. and William G. Rosenberg.</marc:subfield></marc:datafield><marc:datafield tag="264" ind1=" " ind2="1"><marc:subfield code="a">Ann Arbor :</marc:subfield><marc:subfield code="b">University of Michigan Press,</marc:subfield><marc:subfield code="c">2010, c2006.</marc:subfield></marc:datafield><marc:datafield tag="300" ind1=" " ind2=" "><marc:subfield code="a">1 online resource (ix, 502 pages) :</marc:subfield><marc:subfield code="b">illustrations</marc:subfield></marc:datafield><marc:datafield tag="336" ind1=" " ind2=" "><marc:subfield code="a">text</marc:subfield><marc:subfield code="b">txt</marc:subfield><marc:subfield code="2">rdacontent</marc:subfield></marc:datafield><marc:datafield tag="337" ind1=" " ind2=" "><marc:subfield code="a">computer</marc:subfield><marc:subfield code="b">c</marc:subfield><marc:subfield code="2">rdamedia</marc:subfield></marc:datafield><marc:datafield tag="338" ind1=" " ind2=" "><marc:subfield code="a">online resource</marc:subfield><marc:subfield code="b">cr</marc:subfield><marc:subfield code="2">rdacarrier</marc:subfield></marc:datafield><marc:datafield tag="504" ind1=" " ind2=" "><marc:subfield code="a">Includes bibliographical references.</marc:subfield></marc:datafield><marc:datafield tag="505" ind1="0" ind2=" "><marc:subfield code="a">&quot;Something she called a fever&quot; : Michelet, Derrida, and dust (or, In the archives with Michelet and Derrida) / Carolyn Steedman -- The problem of publicité in the archives of Second Empire France / Jennifer S. Milligan -- Not dragon at the gate but research partner : the reference archivist as mediator / Kathleen Marquis -- Between veneration and loathing : loving and hating documents / James M. O'Toole -- Archiving/architecture / Kent Kleinman -- &quot;Records of simple truth and precision&quot; : photography, archives, and the illusion of control / Joan M. Schwartz -- Out of the closet and into the archives? : German Jewish papers / Atina Grossmann -- German Jewish archives in Berlin and New York : three generations after the fact / Frank Mecklenburg -- Medieval archivists as authors : social memory and archival memory / Patrick Geary -- The question of access : the right to social memory versus the right to social oblivion / Inge Bundsgaard -- Past imperfect (l'imparfait) : mediating meaning in archives of art / Nancy Ruth Bartlett -- An artifact by any other name : digital surrogates of medieval manuscripts / Stephen G. Nichols -- The panoptical archive / Eric Ketelaar -- Archival representation / Elizabeth Yakel -- Remembering the future: appraisal of records and the role of archives in constructing social memory / Terry Cook -- Creating a national information system in a federal environment : some thoughts on the Canadian Archival Information Network / Laura Millar -- Archives, heritage, and history / David Lowenthal -- How privatization turned Britain's red telephone kiosk into an archive of the welfare state / Patrick Wright -- Archives : particles of memory or more? / Joan van Albada -- Lookin' for a home : independent oral history archives in Italy / Alessandro Portelli -- The public controversy over the Kennedy Memorabilia Project / Robert M. Adler -- Classified federal records and the end of the Cold War : the experience of the Assassination Records Review Board / William L. Joyce -- &quot;Just a car&quot; : the Kennedy car, the Lincoln chair, and the study of objects / Judith E. Endelman -- Memories of colonization : commemoration, preservation, and erasure in an African archive / Frederick Cooper -- Colonial archives and the arts of governance : on the content in the form / Ann Laura Stoler -- The provincial archive as a place of memory : confronting oral and written sources on the role of former slaves in the Cuban War of Independence (1895-98) / Rebecca J. Scott -- Maroons in the archives : the uses of the past in the French Caribbean / Laurent Dubois -- Redemption's archive : remembering the future in a revolutionary past / Paul K. Eiss -- Documenting South Africa's liberation movements : engaging the archives at the University of Fort Hare / Brian Williams and William K. Wallach -- &quot;The gift of one generation to another&quot; : the real thing for the Pepsi Generation / Ian E. Wilson -- Social history, public sphere, and national narratives : the social origins of Valencian regional imaginary in nineteenth-century Spain / Mónica Burguera -- The influence of politics on the shaping of the memory of states in western Europe (France) / Paule René-Bazin -- The role of the Swiss Federal Archives during recent politico-historical events and crises / Christoph Graf -- Television archives and the making of collective memory : Nazism and World War II in three television blockbusters of German Public Television / Wulf Kansteiner -- Revolution in the archives of memory : the founding of the National Diet Library in Occupied Japan / Leslie Pincus -- The new masters of memory : libraries, archives, and museums in postcommunist Bosnia-Herzegovina / Robert J. Donia -- Writing home in the archive : &quot;refugee memory&quot; and the ethnography of documentation / Penelope Papailias -- Qing statesmen, archivists, and historians and the question of memory / Beatrice S. Bartlett -- The role of archives in Chinese society : an examination from the perspective of access / Du Mei -- Archives and histories in twentieth-century China / William C. Kirby -- Archives and historical writing : the case of the Menshevik Party in 1917 / Ziva Galili -- Russian history : is it in the archives? / Abby Smith -- Archiving heteroglossia : writing reports and controlling mass culture under Stalin / Serhy Yekelchyk -- Ethnicity, memory, and violence : reflections on special problems in Soviet and East European archives / Jeffrey Burds -- Hesitations at the door to an archive catalog / Vladimir Lapin -- The historian and the source : problems of reliability and ethics / Boris V. Ananich.</marc:subfield></marc:datafield><marc:datafield tag="588" ind1=" " ind2=" "><marc:subfield code="a">Description based on information from the publisher.</marc:subfield></marc:datafield><marc:datafield tag="650" ind1=" " ind2="0"><marc:subfield code="a">Archives.</marc:subfield></marc:datafield><marc:datafield tag="650" ind1=" " ind2="0"><marc:subfield code="a">Documentation.</marc:subfield></marc:datafield><marc:datafield tag="650" ind1=" " ind2="0"><marc:subfield code="a">Memory</marc:subfield><marc:subfield code="x">Social aspects.</marc:subfield></marc:datafield><marc:datafield tag="655" ind1=" " ind2="4"><marc:subfield code="a">Electronic books.</marc:subfield></marc:datafield><marc:datafield tag="700" ind1="1" ind2=" "><marc:subfield code="a">Blouin, Francis X.</marc:subfield></marc:datafield><marc:datafield tag="700" ind1="1" ind2=" "><marc:subfield code="a">Rosenberg, William G.</marc:subfield></marc:datafield><marc:datafield tag="710" ind1="2" ind2=" "><marc:subfield code="a">Michigan Publishing (University of Michigan)</marc:subfield><marc:subfield code="e">publisher.</marc:subfield></marc:datafield><marc:datafield tag="856" ind1="4" ind2="0"><marc:subfield code="z">Access to the Michigan Publishing online version:</marc:subfield><marc:subfield code="u">https://doi.org/10.3998/mpub.93171</marc:subfield></marc:datafield></marc:record>