
<marc:record><marc:leader>01400nam a2200361Ia 4500</marc:leader>
<marc:controlfield tag="005">20171026195700.0</marc:controlfield>
<marc:controlfield tag="006">m     o  d        </marc:controlfield><marc:controlfield tag="007">cr unu||||||||</marc:controlfield><marc:controlfield tag="008">010407s2001    miua    ob    001 0 eng d</marc:controlfield><marc:datafield tag="010" ind1=" " ind2=" "><marc:subfield code="z">2001002124</marc:subfield></marc:datafield><marc:datafield tag="020" ind1=" " ind2=" "><marc:subfield code="a">0472097784 (cloth : alk. paper)</marc:subfield></marc:datafield><marc:datafield tag="020" ind1=" " ind2=" "><marc:subfield code="a">9780472097784</marc:subfield></marc:datafield><marc:datafield tag="020" ind1=" " ind2=" "><marc:subfield code="a">9780472023721</marc:subfield></marc:datafield><marc:datafield tag="024" ind1="7" ind2=" "><marc:subfield code="a">10.3998/mpub.11305</marc:subfield></marc:datafield><marc:datafield tag="040" ind1=" " ind2=" "><marc:subfield code="a">MiU</marc:subfield><marc:subfield code="b">eng</marc:subfield><marc:subfield code="c">MiU</marc:subfield></marc:datafield><marc:datafield tag="050" ind1=" " ind2="4"><marc:subfield code="a">RA413</marc:subfield><marc:subfield code="b">.C45 2001</marc:subfield></marc:datafield><marc:datafield tag="245" ind1="0" ind2="4"><marc:subfield code="a">The challenge of regulating managed care /</marc:subfield><marc:subfield code="c">edited by John E. Billi and Gail B. Agrawal.</marc:subfield></marc:datafield><marc:datafield tag="264" ind1=" " ind2="1"><marc:subfield code="a">Ann Arbor :</marc:subfield><marc:subfield code="b">University of Michigan Press,</marc:subfield><marc:subfield code="c">c2001.</marc:subfield></marc:datafield><marc:datafield tag="300" ind1=" " ind2=" "><marc:subfield code="a">1 online resource (vi, 211 pages) :</marc:subfield><marc:subfield code="b">illustrations</marc:subfield></marc:datafield><marc:datafield tag="336" ind1=" " ind2=" "><marc:subfield code="a">text</marc:subfield><marc:subfield code="b">txt</marc:subfield><marc:subfield code="2">rdacontent</marc:subfield></marc:datafield><marc:datafield tag="337" ind1=" " ind2=" "><marc:subfield code="a">computer</marc:subfield><marc:subfield code="b">c</marc:subfield><marc:subfield code="2">rdamedia</marc:subfield></marc:datafield><marc:datafield tag="338" ind1=" " ind2=" "><marc:subfield code="a">online resource</marc:subfield><marc:subfield code="b">cr</marc:subfield><marc:subfield code="2">rdacarrier</marc:subfield></marc:datafield><marc:datafield tag="490" ind1="1" ind2=" "><marc:subfield code="a">Michigan forum on health policy</marc:subfield></marc:datafield><marc:datafield tag="504" ind1=" " ind2=" "><marc:subfield code="a">Includes bibliographical references and index.</marc:subfield></marc:datafield><marc:datafield tag="588" ind1=" " ind2=" "><marc:subfield code="a">Description based on information from the publisher.</marc:subfield></marc:datafield><marc:datafield tag="650" ind1=" " ind2="0"><marc:subfield code="a">Managed care plans (Medical care)</marc:subfield></marc:datafield><marc:datafield tag="650" ind1=" " ind2="0"><marc:subfield code="a">Health maintenance organizations</marc:subfield><marc:subfield code="z">United States.</marc:subfield></marc:datafield><marc:datafield tag="655" ind1=" " ind2="4"><marc:subfield code="a">Electronic books.</marc:subfield></marc:datafield><marc:datafield tag="700" ind1="1" ind2=" "><marc:subfield code="a">Billi, John E.</marc:subfield></marc:datafield><marc:datafield tag="700" ind1="1" ind2=" "><marc:subfield code="a">Agrawal, Gail B.</marc:subfield><marc:subfield code="q">(Gail Bopp),</marc:subfield><marc:subfield code="d">1951-</marc:subfield></marc:datafield><marc:datafield tag="710" ind1="2" ind2=" "><marc:subfield code="a">Michigan Publishing (University of Michigan)</marc:subfield><marc:subfield code="e">publisher.</marc:subfield></marc:datafield><marc:datafield tag="830" ind1=" " ind2="0"><marc:subfield code="a">Michigan forum on health policy.</marc:subfield></marc:datafield><marc:datafield tag="856" ind1="4" ind2="0"><marc:subfield code="z">Access to the Michigan Publishing online version:</marc:subfield><marc:subfield code="u">https://doi.org/10.3998/mpub.11305</marc:subfield></marc:datafield></marc:record>