
<marc:record><marc:leader>03115nam a2200409 a 4500</marc:leader>
<marc:controlfield tag="005">20090320084957.0</marc:controlfield>
<marc:controlfield tag="006">m     o  d        </marc:controlfield><marc:controlfield tag="007">cr unu||||||||</marc:controlfield><marc:controlfield tag="008">060222s2006    miuab        s000 0deng  </marc:controlfield><marc:datafield tag="010" ind1=" " ind2=" "><marc:subfield code="a">2006006207</marc:subfield></marc:datafield><marc:datafield tag="020" ind1=" " ind2=" "><marc:subfield code="a">0472031759</marc:subfield></marc:datafield><marc:datafield tag="020" ind1=" " ind2=" "><marc:subfield code="a">9780472024674</marc:subfield></marc:datafield><marc:datafield tag="020" ind1=" " ind2=" "><marc:subfield code="z">9780472031757</marc:subfield></marc:datafield><marc:datafield tag="024" ind1="7" ind2=" "><marc:subfield code="a">10.3998/mpub.195710</marc:subfield></marc:datafield><marc:datafield tag="040" ind1=" " ind2=" "><marc:subfield code="a">MiU</marc:subfield><marc:subfield code="b">eng</marc:subfield><marc:subfield code="c">MiU</marc:subfield></marc:datafield><marc:datafield tag="043" ind1=" " ind2=" "><marc:subfield code="a">n-us-mi</marc:subfield></marc:datafield><marc:datafield tag="050" ind1="0" ind2="4"><marc:subfield code="a">F574.A6</marc:subfield><marc:subfield code="b">S47 2006</marc:subfield></marc:datafield><marc:datafield tag="082" ind1="0" ind2="0"><marc:subfield code="a">97.4/35</marc:subfield><marc:subfield code="2">22</marc:subfield></marc:datafield><marc:datafield tag="100" ind1="1" ind2=" "><marc:subfield code="a">Shackman, Grace.</marc:subfield></marc:datafield><marc:datafield tag="245" ind1="1" ind2="0"><marc:subfield code="a">Ann Arbor observed :</marc:subfield><marc:subfield code="b">selections from Then &amp; now /</marc:subfield><marc:subfield code="c">Grace Shackman.</marc:subfield></marc:datafield><marc:datafield tag="264" ind1=" " ind2="1"><marc:subfield code="a">Ann Arbor :</marc:subfield><marc:subfield code="b">University of Michigan Press,</marc:subfield><marc:subfield code="c">c2006.</marc:subfield></marc:datafield><marc:datafield tag="300" ind1=" " ind2=" "><marc:subfield code="a">1 online resource (vi, 271 pages) :</marc:subfield><marc:subfield code="b">ill., maps </marc:subfield></marc:datafield><marc:datafield tag="336" ind1=" " ind2=" "><marc:subfield code="a">text</marc:subfield><marc:subfield code="b">txt</marc:subfield><marc:subfield code="2">rdacontent</marc:subfield></marc:datafield><marc:datafield tag="337" ind1=" " ind2=" "><marc:subfield code="a">computer</marc:subfield><marc:subfield code="b">c</marc:subfield><marc:subfield code="2">rdamedia</marc:subfield></marc:datafield><marc:datafield tag="338" ind1=" " ind2=" "><marc:subfield code="a">online resource</marc:subfield><marc:subfield code="b">cr</marc:subfield><marc:subfield code="2">rdacarrier</marc:subfield></marc:datafield><marc:datafield tag="500" ind1=" " ind2=" "><marc:subfield code="a">Articles from the author's column Then and now originally appeared in the Ann Arbor observer.</marc:subfield></marc:datafield><marc:datafield tag="505" ind1="0" ind2=" "><marc:subfield code="a">Introduction -- Public buildings and institutions -- The 1838 jail -- The county poorhouse -- The private hospital era -- Ann Arbor's Carnegie Library -- Red Howard, small-town cop -- The Farmers' Market -- The University of Michigan -- The Detroit Observatory -- The remarkable legacy of Francis Kelsey -- The Botanical Gardens -- When football players danced the cancan -- Lane Hall -- Inglis House -- Transportation -- Orange Risdon's 1825 Michigan map -- The Michigan Central Depot -- Ann Arbor's &quot;other&quot; railroad -- Ann Arbor's streetcars -- 109 Catherine--car age services -- The Ann Arbor Cooperative Society -- Industry -- The rise and fall of Allen's Creek -- Henry Krause's Tannery -- The Athens Press on Main Street -- 439 Fifth Street: from drinking spot to play yard -- The Artificial Ice Company -- The West Side Dairy -- Downtown Ann Arbor -- L. W. Cole and the Michigan Argus -- John Haarer Photography Studio -- Hoelzle's Butcher Shop and Metzger's Restaurant -- Prochnow's Dairy Lunch -- Justin Trubey and the ice cream trade -- Recreation and culture -- Otto's band -- Ann Arbor's municipal beach -- The Roy Hoyer Dance Studio -- The Broadway Bridge Parks -- Cinema's first century -- Social fabric and communities -- The underground railroad in Ann Arbor -- Dixboro Delhi Village -- The story of the Schwaben Halle -- A tale of two lakes -- Architecture -- Cobblestone houses in Washtenaw County -- The remarkable history of the Kempf House -- Ann Arbor's oldest apartments -- Alden Dow's Ann Arbor -- Frank Lloyd Wright in Ann Arbor.</marc:subfield></marc:datafield><marc:datafield tag="588" ind1=" " ind2=" "><marc:subfield code="a">Description based on information from the publisher.</marc:subfield></marc:datafield><marc:datafield tag="651" ind1=" " ind2="0"><marc:subfield code="a">Ann Arbor (Mich.)</marc:subfield><marc:subfield code="x">History.</marc:subfield></marc:datafield><marc:datafield tag="651" ind1=" " ind2="0"><marc:subfield code="a">Ann Arbor (Mich.)</marc:subfield><marc:subfield code="x">Social life and customs.</marc:subfield></marc:datafield><marc:datafield tag="651" ind1=" " ind2="0"><marc:subfield code="a">Ann Arbor (Mich.)</marc:subfield><marc:subfield code="v">Pictorial works.</marc:subfield></marc:datafield><marc:datafield tag="650" ind1=" " ind2="0"><marc:subfield code="a">Historic buildings</marc:subfield><marc:subfield code="z">Michigan</marc:subfield><marc:subfield code="z">Ann Arbor.</marc:subfield></marc:datafield><marc:datafield tag="650" ind1=" " ind2="0"><marc:subfield code="a">Historic buildings</marc:subfield><marc:subfield code="z">Michigan</marc:subfield><marc:subfield code="z">Ann Arbor</marc:subfield><marc:subfield code="v">Pictorial works.</marc:subfield></marc:datafield><marc:datafield tag="651" ind1=" " ind2="0"><marc:subfield code="a">Ann Arbor (Mich.)</marc:subfield><marc:subfield code="x">Buildings, structures, etc.</marc:subfield></marc:datafield><marc:datafield tag="655" ind1=" " ind2="4"><marc:subfield code="a">Electronic books.</marc:subfield></marc:datafield><marc:datafield tag="710" ind1="2" ind2=" "><marc:subfield code="a">Michigan Publishing (University of Michigan)</marc:subfield><marc:subfield code="e">publisher.</marc:subfield></marc:datafield><marc:datafield tag="856" ind1="4" ind2="0"><marc:subfield code="z">Access to the Michigan Publishing online version:</marc:subfield><marc:subfield code="u">https://doi.org/10.3998/mpub.195710</marc:subfield></marc:datafield></marc:record>