
<marc:record><marc:leader>02650cam a2200409 a 4500</marc:leader>
<marc:controlfield tag="005">20180804164744.0</marc:controlfield>
<marc:controlfield tag="006">m     o  d        </marc:controlfield><marc:controlfield tag="007">cr unu||||||||</marc:controlfield><marc:controlfield tag="008">080125s2008    miuab   ob   s001 0 eng d</marc:controlfield><marc:datafield tag="010" ind1=" " ind2=" "><marc:subfield code="a">2008002885</marc:subfield></marc:datafield><marc:datafield tag="020" ind1=" " ind2=" "><marc:subfield code="a">9780472070435</marc:subfield><marc:subfield code="q">(cloth : alk. paper)</marc:subfield></marc:datafield><marc:datafield tag="020" ind1=" " ind2=" "><marc:subfield code="a">0472070436</marc:subfield><marc:subfield code="q">(cloth : alk. paper)</marc:subfield></marc:datafield><marc:datafield tag="020" ind1=" " ind2=" "><marc:subfield code="a">9780472050437</marc:subfield><marc:subfield code="q">(pbk. : alk. paper)</marc:subfield></marc:datafield><marc:datafield tag="020" ind1=" " ind2=" "><marc:subfield code="a">0472050435</marc:subfield><marc:subfield code="q">(pbk. : alk. paper)</marc:subfield></marc:datafield><marc:datafield tag="024" ind1="7" ind2=" "><marc:subfield code="a">10.3998/nmw.5680986.0001.001</marc:subfield></marc:datafield><marc:datafield tag="040" ind1=" " ind2=" "><marc:subfield code="a">MiU</marc:subfield><marc:subfield code="b">eng</marc:subfield><marc:subfield code="c">MiU</marc:subfield></marc:datafield><marc:datafield tag="050" ind1="0" ind2="0"><marc:subfield code="a">HM851</marc:subfield><marc:subfield code="b">.T87 2008</marc:subfield></marc:datafield><marc:datafield tag="082" ind1="0" ind2="0"><marc:subfield code="a">303.48/33</marc:subfield><marc:subfield code="2">22</marc:subfield></marc:datafield><marc:datafield tag="245" ind1="0" ind2="4"><marc:subfield code="a">The hyperlinked society :</marc:subfield><marc:subfield code="b">questioning connections in the digital age /</marc:subfield><marc:subfield code="c">Joseph Turow and Lokman Tsui, editors.</marc:subfield></marc:datafield><marc:datafield tag="264" ind1=" " ind2="1"><marc:subfield code="a">Ann Arbor :</marc:subfield><marc:subfield code="b">University of Michigan Press,</marc:subfield><marc:subfield code="c">c2008.</marc:subfield></marc:datafield><marc:datafield tag="300" ind1=" " ind2=" "><marc:subfield code="a">1 online resource</marc:subfield></marc:datafield><marc:datafield tag="336" ind1=" " ind2=" "><marc:subfield code="a">text</marc:subfield><marc:subfield code="b">txt</marc:subfield><marc:subfield code="2">rdacontent</marc:subfield></marc:datafield><marc:datafield tag="337" ind1=" " ind2=" "><marc:subfield code="a">computer</marc:subfield><marc:subfield code="b">c</marc:subfield><marc:subfield code="2">rdamedia</marc:subfield></marc:datafield><marc:datafield tag="338" ind1=" " ind2=" "><marc:subfield code="a">online resource</marc:subfield><marc:subfield code="b">cr</marc:subfield><marc:subfield code="2">rdacarrier</marc:subfield></marc:datafield><marc:datafield tag="490" ind1="1" ind2=" "><marc:subfield code="a">New media world</marc:subfield></marc:datafield><marc:datafield tag="500" ind1=" " ind2=" "><marc:subfield code="a">&quot;Digital culture books&quot;--Ser. t.p.</marc:subfield></marc:datafield><marc:datafield tag="504" ind1=" " ind2=" "><marc:subfield code="a">Includes bibliographical references (p. 289-303) and index.</marc:subfield></marc:datafield><marc:datafield tag="505" ind1="0" ind2=" "><marc:subfield code="a">Introduction: on not taking the hyperlink for granted / Joseph Turow -- Structuring a marketplace of attention / James G. Webster -- The hyperlink as organizing principle / Alexander Halavais -- Hyperlinking and the forces of &quot;massification&quot; / Philip M. Napoli -- The hyperlink in newspapers and blogs / Lokman Tsui -- The role of expertise in navigating links of influence / Eszter Hargittai -- Google, links, and popularity versus authority / Seth Finkelstein -- The hyperlinked news organization / Martin Nisenholtz -- How hyperlinks ought to change the advertising business / Tom Hespos -- Hyperlinks and marketing insight / Stacey Lynn Schulman -- Hyperlinking and advertising strategy / Eric Picard -- From hyperlinks to hyperties / Marc A. Smith -- The morality of links / David Weinberger -- Linked geographies: maps as mediators of reality / Stefaan G. Verhulst -- Will peasants map? Hyperlinks, map mashups, and the future of information / Jeremy W. Crampton -- The social hyperlink / Lada A. Adamic -- Are hyperlinks &quot;weak ties&quot;? / Markus Prior -- What is the online public sphere good for? / Matthew Hindman.</marc:subfield></marc:datafield><marc:datafield tag="588" ind1=" " ind2=" "><marc:subfield code="a">Description based on information from the publisher.</marc:subfield></marc:datafield><marc:datafield tag="650" ind1=" " ind2="0"><marc:subfield code="a">Internet</marc:subfield><marc:subfield code="x">Social aspects.</marc:subfield></marc:datafield><marc:datafield tag="650" ind1=" " ind2="0"><marc:subfield code="a">Digital media</marc:subfield><marc:subfield code="x">Social aspects.</marc:subfield></marc:datafield><marc:datafield tag="655" ind1=" " ind2="4"><marc:subfield code="a">Electronic books.</marc:subfield></marc:datafield><marc:datafield tag="700" ind1="1" ind2=" "><marc:subfield code="a">Turow, Joseph.</marc:subfield></marc:datafield><marc:datafield tag="700" ind1="1" ind2=" "><marc:subfield code="a">Tsui, Lokman.</marc:subfield></marc:datafield><marc:datafield tag="710" ind1="2" ind2=" "><marc:subfield code="a">Michigan Publishing (University of Michigan)</marc:subfield><marc:subfield code="e">publisher.</marc:subfield></marc:datafield><marc:datafield tag="830" ind1=" " ind2="0"><marc:subfield code="a">New media world</marc:subfield></marc:datafield><marc:datafield tag="856" ind1="4" ind2="0"><marc:subfield code="z">Access to the Michigan Publishing online version:</marc:subfield><marc:subfield code="u">https://doi.org/10.3998/nmw.5680986.0001.001</marc:subfield></marc:datafield></marc:record>