
<marc:record><marc:leader>02845cam a2200373 a 4500</marc:leader>
<marc:controlfield tag="005">20180804171853.0</marc:controlfield>
<marc:controlfield tag="006">m     o  d        </marc:controlfield><marc:controlfield tag="007">cr unu||||||||</marc:controlfield><marc:controlfield tag="008">080724s2008    miua    ob   s001 0 eng d</marc:controlfield><marc:datafield tag="010" ind1=" " ind2=" "><marc:subfield code="a">2008032084</marc:subfield></marc:datafield><marc:datafield tag="020" ind1=" " ind2=" "><marc:subfield code="a">9780472116713</marc:subfield><marc:subfield code="q">(cloth : alk. paper)</marc:subfield></marc:datafield><marc:datafield tag="020" ind1=" " ind2=" "><marc:subfield code="a">0472116711</marc:subfield><marc:subfield code="q">(cloth : alk. paper)</marc:subfield></marc:datafield><marc:datafield tag="024" ind1="7" ind2=" "><marc:subfield code="a">10.3998/dcbooks.5871848.0001.001</marc:subfield></marc:datafield><marc:datafield tag="040" ind1=" " ind2=" "><marc:subfield code="a">MiU</marc:subfield><marc:subfield code="b">eng</marc:subfield><marc:subfield code="c">MiU</marc:subfield></marc:datafield><marc:datafield tag="050" ind1="0" ind2="0"><marc:subfield code="a">PE1404</marc:subfield><marc:subfield code="b">.W533 2008</marc:subfield></marc:datafield><marc:datafield tag="082" ind1="0" ind2="0"><marc:subfield code="a">808/.0420711</marc:subfield><marc:subfield code="2">22</marc:subfield></marc:datafield><marc:datafield tag="245" ind1="0" ind2="0"><marc:subfield code="a">Wiki writing :</marc:subfield><marc:subfield code="b">collaborative learning in the college classroom /</marc:subfield><marc:subfield code="c">edited by Robert E. Cummings and Matt Barton.</marc:subfield></marc:datafield><marc:datafield tag="264" ind1=" " ind2="1"><marc:subfield code="a">Ann Arbor :</marc:subfield><marc:subfield code="b">University of Michigan Press,</marc:subfield><marc:subfield code="c">c2008.</marc:subfield></marc:datafield><marc:datafield tag="300" ind1=" " ind2=" "><marc:subfield code="a">1 online resource</marc:subfield></marc:datafield><marc:datafield tag="336" ind1=" " ind2=" "><marc:subfield code="a">text</marc:subfield><marc:subfield code="b">txt</marc:subfield><marc:subfield code="2">rdacontent</marc:subfield></marc:datafield><marc:datafield tag="337" ind1=" " ind2=" "><marc:subfield code="a">computer</marc:subfield><marc:subfield code="b">c</marc:subfield><marc:subfield code="2">rdamedia</marc:subfield></marc:datafield><marc:datafield tag="338" ind1=" " ind2=" "><marc:subfield code="a">online resource</marc:subfield><marc:subfield code="b">cr</marc:subfield><marc:subfield code="2">rdacarrier</marc:subfield></marc:datafield><marc:datafield tag="504" ind1=" " ind2=" "><marc:subfield code="a">Includes bibliographical references (pages 237-246) and index.</marc:subfield></marc:datafield><marc:datafield tag="505" ind1="0" ind2=" "><marc:subfield code="a">What was a Wiki, and why do I care? A short and usable history of Wikis / Robert E. Cummings -- Wikis in the classroom: a taxonomy / Mark Phillipson -- Wiki justice, social ergonomics, and ethical collaborations / Jonah Bossewitch ...[et al.] -- Building learning communities with Wikis / Dan Gilbert, Helen L. Chen, and Jeremy Sabol -- Success through simplicity: on developmental writing and communities of inquiry / John W. Maxwell and Michael Felczak -- Disrupting intellectual property: collaboration and resistance in Wikis / Stephanie Vie and Jennifer deWinter -- Agency and accountability: the paradoxes of Wiki discourse / D.A. Caeton -- One Wiki, two classrooms / David Elfving and Ericka Menchen-Trevino -- Content and commentary: parallel structures of organization and interaction on Wikis / Will Lakeman -- Above and below the double line: refactoring and that old-time revision / Michael C. Morgan -- Is there a Wiki in this classroom? Wikibooks and the future of higher education / Matt Barton -- Writing in the Wikishop: constructing knowledge in the electronic classroom / Thomas J. Nelson -- Wiki lore and politics in the classroom / Cathlena Martin and Lisa Dusenberry -- GlossaTechnologia: anatomy of a Wiki-based annotated bibliography / Ben McCorkle -- An (old) first-timer's learning curve: curiosity, trial, resistance, and accommodation / Bob Whipple.</marc:subfield></marc:datafield><marc:datafield tag="588" ind1=" " ind2=" "><marc:subfield code="a">Description based on information from the publisher.</marc:subfield></marc:datafield><marc:datafield tag="650" ind1=" " ind2="0"><marc:subfield code="a">English language</marc:subfield><marc:subfield code="x">Rhetoric</marc:subfield><marc:subfield code="x">Study and teaching (Higher)</marc:subfield></marc:datafield><marc:datafield tag="650" ind1=" " ind2="0"><marc:subfield code="a">Academic writing</marc:subfield><marc:subfield code="x">Study and teaching (Higher)</marc:subfield></marc:datafield><marc:datafield tag="650" ind1=" " ind2="0"><marc:subfield code="a">Internet publishing.</marc:subfield></marc:datafield><marc:datafield tag="650" ind1=" " ind2="0"><marc:subfield code="a">User-generated content.</marc:subfield></marc:datafield><marc:datafield tag="655" ind1=" " ind2="4"><marc:subfield code="a">Electronic books.</marc:subfield></marc:datafield><marc:datafield tag="700" ind1="1" ind2=" "><marc:subfield code="a">Cummings, Robert E.,</marc:subfield><marc:subfield code="d">1967-</marc:subfield></marc:datafield><marc:datafield tag="700" ind1="1" ind2=" "><marc:subfield code="a">Barton, Matt.</marc:subfield></marc:datafield><marc:datafield tag="710" ind1="2" ind2=" "><marc:subfield code="a">Michigan Publishing (University of Michigan)</marc:subfield><marc:subfield code="e">publisher.</marc:subfield></marc:datafield><marc:datafield tag="856" ind1="4" ind2="0"><marc:subfield code="z">Access to the Michigan Publishing online version:</marc:subfield><marc:subfield code="u">https://doi.org/10.3998/dcbooks.5871848.0001.001</marc:subfield></marc:datafield></marc:record>