
<marc:record><marc:leader>03136cam a22004094a 4500</marc:leader>
<marc:controlfield tag="005">20161228111749.0</marc:controlfield>
<marc:controlfield tag="006">m     o  d        </marc:controlfield><marc:controlfield tag="007">cr unu||||||||</marc:controlfield><marc:controlfield tag="008">121015r20112010miu     o  d        eng d</marc:controlfield><marc:datafield tag="020" ind1=" " ind2=" "><marc:subfield code="a">9780472027941</marc:subfield></marc:datafield><marc:datafield tag="020" ind1=" " ind2=" "><marc:subfield code="a">9780472035151</marc:subfield><marc:subfield code="q">(print)</marc:subfield></marc:datafield><marc:datafield tag="024" ind1="7" ind2=" "><marc:subfield code="a">10.3998/mpub.345778</marc:subfield></marc:datafield><marc:datafield tag="040" ind1=" " ind2=" "><marc:subfield code="a">MiU</marc:subfield><marc:subfield code="b">eng</marc:subfield><marc:subfield code="c">MiU</marc:subfield></marc:datafield><marc:datafield tag="043" ind1=" " ind2=" "><marc:subfield code="a">e-fr---</marc:subfield></marc:datafield><marc:datafield tag="050" ind1=" " ind2="4"><marc:subfield code="a">PQ2601.R677</marc:subfield><marc:subfield code="b">Z685 2011</marc:subfield></marc:datafield><marc:datafield tag="082" ind1="0" ind2="4"><marc:subfield code="a">848/.91209</marc:subfield><marc:subfield code="2">22</marc:subfield></marc:datafield><marc:datafield tag="100" ind1="1" ind2=" "><marc:subfield code="a">Jannarone, Kimberly.</marc:subfield></marc:datafield><marc:datafield tag="245" ind1="1" ind2="0"><marc:subfield code="a">Artaud and his doubles /</marc:subfield><marc:subfield code="c">Kimberly Jannarone.</marc:subfield></marc:datafield><marc:datafield tag="264" ind1=" " ind2="1"><marc:subfield code="a">Ann Arbor, Mich. :</marc:subfield><marc:subfield code="b">University of Michigan Press,</marc:subfield><marc:subfield code="c">c2011.</marc:subfield></marc:datafield><marc:datafield tag="300" ind1=" " ind2=" "><marc:subfield code="a">1 online resource.</marc:subfield></marc:datafield><marc:datafield tag="336" ind1=" " ind2=" "><marc:subfield code="a">text</marc:subfield><marc:subfield code="b">txt</marc:subfield><marc:subfield code="2">rdacontent</marc:subfield></marc:datafield><marc:datafield tag="337" ind1=" " ind2=" "><marc:subfield code="a">computer</marc:subfield><marc:subfield code="b">c</marc:subfield><marc:subfield code="2">rdamedia</marc:subfield></marc:datafield><marc:datafield tag="338" ind1=" " ind2=" "><marc:subfield code="a">online resource</marc:subfield><marc:subfield code="b">cr</marc:subfield><marc:subfield code="2">rdacarrier</marc:subfield></marc:datafield><marc:datafield tag="490" ind1="1" ind2=" "><marc:subfield code="a">Theater: theory/text/performance</marc:subfield></marc:datafield><marc:datafield tag="504" ind1=" " ind2=" "><marc:subfield code="a">Includes bibliographical references (p. 233-241) and index.</marc:subfield></marc:datafield><marc:datafield tag="505" ind1="0" ind2=" "><marc:subfield code="a">The fight against civilization; or, the rebirth of tragedy. Invocation of the plague : nouveau mal du siecle the residues of war &quot;The future of the world&quot; -- Reactionary modern : the controversions of the counter-enlightenment anywhere out of this world irrational affinities -- Audience, mass, crowd. The avant-garde and the audience : the crisis of bourgeois theater the avant-garde and the audience immersion agitation -- The theater of cruelty and conceptions of the audience -- Theaters for the masses : working on the masses mythical, total, real -- Crowds and cruelty : crowd feeling in the theater of cruelty the nerve meter -- Visions of power. The artist of the theater : the rise of the director artistic power in the Jarry Theater the direction of menace -- Controlling forces : directing The Cenci concentrating control power by charisma -- Conclusion : longing for nothingness.</marc:subfield></marc:datafield><marc:datafield tag="520" ind1="3" ind2=" "><marc:subfield code="a">This is an unlooked-for project. Like many others, I first saw Artaud through the filters of American experimental theater and post-structuralism. My earliest work on Artaud began from accepted familiar premises, largely established in the 1960s: Artaud as prophet, madman, genius, was the thing to study; his significance lay in his status as an inspirational figure manifesting a largely ahistorical impulse; his denunciation of civilization's discontents implied a progressive critique. My research led me in different directions, however. Fueled by a desire to really read Artaud's works closely especially his early writing and his productions--I dug into the archives to research Artaud's theatrical practice.</marc:subfield></marc:datafield><marc:datafield tag="588" ind1=" " ind2=" "><marc:subfield code="a">Description based on information from the publisher.</marc:subfield></marc:datafield><marc:datafield tag="600" ind1="1" ind2="0"><marc:subfield code="a">Artaud, Antonin,</marc:subfield><marc:subfield code="d">1896-1948</marc:subfield><marc:subfield code="x">Knowledge</marc:subfield><marc:subfield code="x">Performing arts.</marc:subfield></marc:datafield><marc:datafield tag="600" ind1="1" ind2="0"><marc:subfield code="a">Artaud, Antonin,</marc:subfield><marc:subfield code="d">1896-1948</marc:subfield><marc:subfield code="x">Criticism and interpretation.</marc:subfield></marc:datafield><marc:datafield tag="650" ind1=" " ind2="0"><marc:subfield code="a">Cruelty in literature.</marc:subfield></marc:datafield><marc:datafield tag="650" ind1=" " ind2="0"><marc:subfield code="a">Drama</marc:subfield><marc:subfield code="x">History and criticism</marc:subfield><marc:subfield code="x">Theory, etc.</marc:subfield></marc:datafield><marc:datafield tag="650" ind1=" " ind2="0"><marc:subfield code="a">Experimental theater</marc:subfield><marc:subfield code="z">France</marc:subfield><marc:subfield code="x">History</marc:subfield><marc:subfield code="y">20th century.</marc:subfield></marc:datafield><marc:datafield tag="655" ind1=" " ind2="4"><marc:subfield code="a">Electronic books.</marc:subfield></marc:datafield><marc:datafield tag="710" ind1="2" ind2=" "><marc:subfield code="a">Michigan Publishing (University of Michigan)</marc:subfield><marc:subfield code="e">publisher.</marc:subfield></marc:datafield><marc:datafield tag="830" ind1=" " ind2="0"><marc:subfield code="a">Theater--text/theory/performance.</marc:subfield></marc:datafield><marc:datafield tag="856" ind1="4" ind2="0"><marc:subfield code="z">Access to the Michigan Publishing online version:</marc:subfield><marc:subfield code="u">https://doi.org/10.3998/mpub.345778</marc:subfield></marc:datafield></marc:record>