
<marc:record><marc:leader>02167nam a2200409 a 4500</marc:leader>
<marc:controlfield tag="005">20171026195700.0</marc:controlfield>
<marc:controlfield tag="006">m     o  d        </marc:controlfield><marc:controlfield tag="007">cr unu||||||||</marc:controlfield><marc:controlfield tag="008">090515s2010    miua    ob    001 0 eng  </marc:controlfield><marc:datafield tag="010" ind1=" " ind2=" "><marc:subfield code="z">2009018640</marc:subfield></marc:datafield><marc:datafield tag="020" ind1=" " ind2=" "><marc:subfield code="a">9780472070558 (cloth : alk. paper)</marc:subfield></marc:datafield><marc:datafield tag="020" ind1=" " ind2=" "><marc:subfield code="a">047207055X (cloth : alk. paper)</marc:subfield></marc:datafield><marc:datafield tag="024" ind1="7" ind2=" "><marc:subfield code="a">10.3998/mpub.232232</marc:subfield></marc:datafield><marc:datafield tag="040" ind1=" " ind2=" "><marc:subfield code="a">MiU</marc:subfield><marc:subfield code="b">eng</marc:subfield><marc:subfield code="c">MiU</marc:subfield></marc:datafield><marc:datafield tag="043" ind1=" " ind2=" "><marc:subfield code="a">n-us---</marc:subfield></marc:datafield><marc:datafield tag="050" ind1=" " ind2="4"><marc:subfield code="a">HD6073.S582</marc:subfield><marc:subfield code="b">U67 2010</marc:subfield></marc:datafield><marc:datafield tag="082" ind1="0" ind2="4"><marc:subfield code="a">305.38/9623097309034</marc:subfield><marc:subfield code="2">22</marc:subfield></marc:datafield><marc:datafield tag="100" ind1="1" ind2=" "><marc:subfield code="a">Srole, Carole,</marc:subfield><marc:subfield code="d">1948-</marc:subfield></marc:datafield><marc:datafield tag="245" ind1="1" ind2="0"><marc:subfield code="a">Transcribing class and gender :</marc:subfield><marc:subfield code="b">masculinity and femininity in nineteenth-century courts and offices /</marc:subfield><marc:subfield code="c">Carole Srole.</marc:subfield></marc:datafield><marc:datafield tag="264" ind1=" " ind2="1"><marc:subfield code="a">Ann Arbor :</marc:subfield><marc:subfield code="b">University of Michigan Press,</marc:subfield><marc:subfield code="c">c2010.</marc:subfield></marc:datafield><marc:datafield tag="300" ind1=" " ind2=" "><marc:subfield code="a">1 online resource (viii, 324 pages) :</marc:subfield><marc:subfield code="b">illustrations</marc:subfield></marc:datafield><marc:datafield tag="336" ind1=" " ind2=" "><marc:subfield code="a">text</marc:subfield><marc:subfield code="b">txt</marc:subfield><marc:subfield code="2">rdacontent</marc:subfield></marc:datafield><marc:datafield tag="337" ind1=" " ind2=" "><marc:subfield code="a">computer</marc:subfield><marc:subfield code="b">c</marc:subfield><marc:subfield code="2">rdamedia</marc:subfield></marc:datafield><marc:datafield tag="338" ind1=" " ind2=" "><marc:subfield code="a">online resource</marc:subfield><marc:subfield code="b">cr</marc:subfield><marc:subfield code="2">rdacarrier</marc:subfield></marc:datafield><marc:datafield tag="490" ind1="1" ind2=" "><marc:subfield code="a">Class, culture</marc:subfield></marc:datafield><marc:datafield tag="504" ind1=" " ind2=" "><marc:subfield code="a">Includes bibliographical references and index.</marc:subfield></marc:datafield><marc:datafield tag="505" ind1="0" ind2=" "><marc:subfield code="a">Performing independence : male clerks, bookkeepers, and stenographers from 1820 to 1870 -- Treasury girls and the masses : from degraded women workers to employees -- Stepping-stones and short ladders : men's faltering independence -- The male stenographers' solution : the language of professionalism -- Typewriter girls and lady stenographers : the challenges of respectability -- &quot;My fondest hopes will have been realized&quot; : independence, ambition, and the new woman -- Performances of professionalism.</marc:subfield></marc:datafield><marc:datafield tag="588" ind1=" " ind2=" "><marc:subfield code="a">Description based on information from the publisher.</marc:subfield></marc:datafield><marc:datafield tag="650" ind1=" " ind2="0"><marc:subfield code="a">Working class women</marc:subfield><marc:subfield code="z">United States</marc:subfield><marc:subfield code="x">History</marc:subfield><marc:subfield code="y">19th century.</marc:subfield></marc:datafield><marc:datafield tag="650" ind1=" " ind2="0"><marc:subfield code="a">Stenographers</marc:subfield><marc:subfield code="z">United States</marc:subfield><marc:subfield code="x">History</marc:subfield><marc:subfield code="y">19th century.</marc:subfield></marc:datafield><marc:datafield tag="650" ind1=" " ind2="0"><marc:subfield code="a">Masculinity</marc:subfield><marc:subfield code="z">United States</marc:subfield><marc:subfield code="x">History</marc:subfield><marc:subfield code="y">19th century.</marc:subfield></marc:datafield><marc:datafield tag="650" ind1=" " ind2="0"><marc:subfield code="a">Femininity</marc:subfield><marc:subfield code="z">United States</marc:subfield><marc:subfield code="x">History</marc:subfield><marc:subfield code="y">19th century.</marc:subfield></marc:datafield><marc:datafield tag="650" ind1=" " ind2="0"><marc:subfield code="a">Social classes</marc:subfield><marc:subfield code="z">United States</marc:subfield><marc:subfield code="x">History</marc:subfield><marc:subfield code="y">19th century.</marc:subfield></marc:datafield><marc:datafield tag="655" ind1=" " ind2="4"><marc:subfield code="a">Electronic books.</marc:subfield></marc:datafield><marc:datafield tag="710" ind1="2" ind2=" "><marc:subfield code="a">Michigan Publishing (University of Michigan)</marc:subfield><marc:subfield code="e">publisher.</marc:subfield></marc:datafield><marc:datafield tag="830" ind1=" " ind2="0"><marc:subfield code="a">Class, culture.</marc:subfield></marc:datafield><marc:datafield tag="856" ind1="4" ind2="0"><marc:subfield code="z">Access to the Michigan Publishing online version:</marc:subfield><marc:subfield code="u">https://doi.org/10.3998/mpub.232232</marc:subfield></marc:datafield></marc:record>