
<marc:record><marc:leader>02879nam a2200397 a 4500</marc:leader>
<marc:controlfield tag="005">20111019140520.0</marc:controlfield>
<marc:controlfield tag="006">m     o  d        </marc:controlfield><marc:controlfield tag="007">cr unu||||||||</marc:controlfield><marc:controlfield tag="008">110223s2011    miub     b    001 0 eng  </marc:controlfield><marc:datafield tag="010" ind1=" " ind2=" "><marc:subfield code="a">2011007376</marc:subfield></marc:datafield><marc:datafield tag="020" ind1=" " ind2=" "><marc:subfield code="a">0472117297</marc:subfield></marc:datafield><marc:datafield tag="020" ind1=" " ind2=" "><marc:subfield code="a">9780472028498</marc:subfield></marc:datafield><marc:datafield tag="020" ind1=" " ind2=" "><marc:subfield code="z">9780472035939</marc:subfield></marc:datafield><marc:datafield tag="020" ind1=" " ind2=" "><marc:subfield code="z">9780472117291</marc:subfield></marc:datafield><marc:datafield tag="024" ind1="7" ind2=" "><marc:subfield code="a">10.3998/mpub.226101</marc:subfield></marc:datafield><marc:datafield tag="040" ind1=" " ind2=" "><marc:subfield code="a">MiU</marc:subfield><marc:subfield code="b">eng</marc:subfield><marc:subfield code="c">MiU</marc:subfield></marc:datafield><marc:datafield tag="043" ind1=" " ind2=" "><marc:subfield code="a">n-us---</marc:subfield><marc:subfield code="a">nl-----</marc:subfield></marc:datafield><marc:datafield tag="050" ind1="0" ind2="4"><marc:subfield code="a">KF8205</marc:subfield><marc:subfield code="b">.C54 2011</marc:subfield></marc:datafield><marc:datafield tag="082" ind1="0" ind2="0"><marc:subfield code="a">346.7704/3208997</marc:subfield><marc:subfield code="2">22</marc:subfield></marc:datafield><marc:datafield tag="100" ind1="1" ind2=" "><marc:subfield code="a">Cleland, Charles E.,</marc:subfield><marc:subfield code="d">1936-</marc:subfield></marc:datafield><marc:datafield tag="245" ind1="1" ind2="0"><marc:subfield code="a">Faith in paper :</marc:subfield><marc:subfield code="b">the ethnohistory and litigation of upper Great Lakes Indian treaties /</marc:subfield><marc:subfield code="c">Charles E. Cleland ; with Bruce R. Greene ... [et al.].</marc:subfield></marc:datafield><marc:datafield tag="264" ind1=" " ind2="1"><marc:subfield code="a">Ann Arbor :</marc:subfield><marc:subfield code="b">University of Michigan Press,</marc:subfield><marc:subfield code="c">c2011.</marc:subfield></marc:datafield><marc:datafield tag="300" ind1=" " ind2=" "><marc:subfield code="a">1 online resource (x, 391 pages) :</marc:subfield><marc:subfield code="b">maps ;</marc:subfield></marc:datafield><marc:datafield tag="336" ind1=" " ind2=" "><marc:subfield code="a">text</marc:subfield><marc:subfield code="b">txt</marc:subfield><marc:subfield code="2">rdacontent</marc:subfield></marc:datafield><marc:datafield tag="337" ind1=" " ind2=" "><marc:subfield code="a">computer</marc:subfield><marc:subfield code="b">c</marc:subfield><marc:subfield code="2">rdamedia</marc:subfield></marc:datafield><marc:datafield tag="338" ind1=" " ind2=" "><marc:subfield code="a">online resource</marc:subfield><marc:subfield code="b">cr</marc:subfield><marc:subfield code="2">rdacarrier</marc:subfield></marc:datafield><marc:datafield tag="504" ind1=" " ind2=" "><marc:subfield code="a">Includes bibliographical references (pages 379-384) and index.</marc:subfield></marc:datafield><marc:datafield tag="505" ind1="0" ind2=" "><marc:subfield code="a">The treaty -- The foundations of treaty making -- The invention of Euro-American and Indian treaty making -- Treaties and American law -- The treaties of 1836 and 1855 -- United States v. Michigan / by Bruce R. Greene -- United States v. Michigan / by Marc Slonim -- The treaties of St. Peters (1837) and La Pointe -- Lac Courte Oreilles band v. Wisconsin / by Kathryn L. Tierney -- Milles Lacs band of Chippewa Indians et al. v. State of Minnesota et al. / by Marc Slonim -- The Menominee and the coming of Europeans -- Menominee Indian Tribe of Wisconsin v. Thompson / by Bruce R. Greene -- The boundary of the Keweenaw Bay Reservation -- Keweenaw Bay Indian Community v. Michigan / by Bruce R. Greene -- Factionalism and removal: the Stockbridge and Munsee, 1830-56 -- State of Wisconsin v. Stockbridge-Munsee Community and Robert Chicks / by Brian Pierson -- The ethnohistory of the Mille Lacs Reservation boundary -- County of Mille Lacs v. Melanie Benjamin et al. / by Marc Slonim -- The treaties of Detroit, August 2, 1855, and Saginaw, October 18, 1864 -- Allotment and land loss on the Keweenaw Bay reservation -- Keweenaw Bay Indian Community v. Naftaly / by Skip Durocher -- The benefits of reestablished treaties.</marc:subfield></marc:datafield><marc:datafield tag="588" ind1=" " ind2=" "><marc:subfield code="a">Description based on information from the publisher.</marc:subfield></marc:datafield><marc:datafield tag="650" ind1=" " ind2="0"><marc:subfield code="a">Indians of North America</marc:subfield><marc:subfield code="z">Great Lakes Region (North America)</marc:subfield><marc:subfield code="x">Treaties</marc:subfield><marc:subfield code="x">History.</marc:subfield></marc:datafield><marc:datafield tag="650" ind1=" " ind2="0"><marc:subfield code="a">Indians of North America</marc:subfield><marc:subfield code="x">Legal status, laws, etc.</marc:subfield><marc:subfield code="z">Great Lakes Region (North America)</marc:subfield><marc:subfield code="x">History.</marc:subfield></marc:datafield><marc:datafield tag="650" ind1=" " ind2="0"><marc:subfield code="a">Indians of North America</marc:subfield><marc:subfield code="x">Land tenure</marc:subfield><marc:subfield code="z">Great Lakes Region (North America)</marc:subfield><marc:subfield code="x">History.</marc:subfield></marc:datafield><marc:datafield tag="655" ind1=" " ind2="4"><marc:subfield code="a">Electronic books.</marc:subfield></marc:datafield><marc:datafield tag="700" ind1="1" ind2=" "><marc:subfield code="a">Greene, Bruce R.</marc:subfield></marc:datafield><marc:datafield tag="710" ind1="2" ind2=" "><marc:subfield code="a">Michigan Publishing (University of Michigan)</marc:subfield><marc:subfield code="e">publisher.</marc:subfield></marc:datafield><marc:datafield tag="856" ind1="4" ind2="0"><marc:subfield code="z">Access to the Michigan Publishing online version:</marc:subfield><marc:subfield code="u">https://doi.org/10.3998/mpub.226101</marc:subfield></marc:datafield></marc:record>